<?xml version="1.0" encoding="UTF-8"?><collection xmlns="http://www.loc.gov/MARC21/slim"><record><leader>00541nam--2200205-u-4500</leader><controlfield tag="001">000056784</controlfield><controlfield tag="002">20190705</controlfield><controlfield tag="005">20190705045233</controlfield><controlfield tag="008">190705s1000------------r-----000-0-eng-d</controlfield><datafield ind1=" " ind2=" " tag="040"><subfield code="a">IFIN-HH</subfield></datafield><datafield ind1=" " ind2=" " tag="041"><subfield code="a">eng</subfield></datafield><datafield ind1="1" ind2=" " tag="100"><subfield code="a">Bunget, Ion</subfield></datafield><datafield ind1="1" ind2="0" tag="245"><subfield code="a">Physics of Solid Dielectrics</subfield><subfield code="c">Ion Bunget; Mihai Popescu</subfield></datafield><datafield ind1=" " ind2=" " tag="260"><subfield code="a">Amsterdam</subfield><subfield code="b">Elsevier</subfield><subfield code="c">1984</subfield></datafield><datafield ind1=" " ind2=" " tag="300"><subfield code="a">443 p</subfield></datafield><datafield ind1=" " ind2=" " tag="440"><subfield code="a">Materials Science Monograph, 19</subfield></datafield><datafield ind1=" " ind2=" " tag="500"><subfield code="a">Donatie Dan Brancus</subfield></datafield><datafield ind1="1" ind2=" " tag="700"><subfield code="a">Popescu, Mihai</subfield></datafield><datafield ind1=" " ind2=" " tag="852"><subfield code="a">82720</subfield><subfield code="c">537.226</subfield></datafield><datafield ind1=" " ind2=" " tag="CAT"><subfield code="a">SYS</subfield><subfield code="c">20190705</subfield><subfield code="h">045233</subfield></datafield></record></collection>